% Encoding: UTF-8

@incollection{Khatib_repulsive,
  title={Real-time obstacle avoidance for manipulators and mobile robots},
  author={Khatib, Oussama},
  booktitle={Autonomous robot vehicles},
  pages={396--404},
  year={1986},
  publisher={Springer}
}

@article{Rimon_repulsive,
  title={Exact robot navigation using artificial potential functions},
  author={Rimon, Elon and Koditschek, Daniel E},
  journal={IEEE Transactions on robotics and automation},
  volume={8},
  number={5},
  pages={501--518},
  year={1992},
  publisher={IEEE}
}

@article{MPC_01,
  title={Model Predictive Control Based Trajectory Generation for Autonomous Vehicles-An Architectural Approach},
  author={Nolte, Marcus and Rose, Marcel and Stolte, Torben and Maurer, Markus},
  year={2017}
}

@article{MPC_02,
  title={Constrained model predictive control for mobile robotic manipulators},
  author={Avanzini, Giovanni Buizza and Zanchettin, Andrea Maria and Rocco, Paolo},
  journal={Robotica},
  volume={36},
  number={1},
  pages={19--38},
  year={2018},
  publisher={Cambridge University Press}
}

@inproceedings{RRT_LaValle,
  title={RRT-connect: An efficient approach to single-query path planning},
  author={Kuffner, James J and LaValle, Steven M},
  booktitle={Robotics and Automation, 2000. Proceedings. ICRA'00. IEEE International Conference on},
  volume={2},
  pages={995--1001},
  year={2000},
  organization={IEEE}
}

@inproceedings{RC_RRT,
  title={Reducing metric sensitivity in randomized trajectory design},
  author={Cheng, Peng and LaValle, Steven M},
  booktitle={Intelligent Robots and Systems, 2001. Proceedings. 2001 IEEE/RSJ International Conference on},
  volume={1},
  pages={43--48},
  year={2001},
  organization={IEEE}
}

@inproceedings{RRT_narrow,
  title={An efficient retraction-based RRT planner},
  author={Zhang, Liangjun and Manocha, Dinesh},
  booktitle={Robotics and Automation, 2008. ICRA 2008. IEEE International Conference on},
  pages={3743--3750},
  year={2008},
  organization={IEEE}
}

@article{RRT_star,
  title={Sampling-based algorithms for optimal motion planning},
  author={Karaman, Sertac and Frazzoli, Emilio},
  journal={The international journal of robotics research},
  volume={30},
  number={7},
  pages={846--894},
  year={2011},
  publisher={Sage Publications Sage UK: London, England}
}

@inproceedings{RRT_bid,
  title={RRT-connect: An efficient approach to single-query path planning},
  author={Kuffner, James J and LaValle, Steven M},
  booktitle={Robotics and Automation, 2000. Proceedings. ICRA'00. IEEE International Conference on},
  volume={2},
  pages={995--1001},
  year={2000},
  organization={IEEE}
}

@article{LQR_RRT_01,
  title={Kinodynamic RRT*: Optimal motion planning for systems with linear differential constraints},
  author={Webb, Dustin J and Berg, Jur van den},
  year={2012}
}

@inproceedings{LQR_RRT_02,
  title={A Class of SDRE-RRT Based Kinodynamic Motion Planners},
  author={Tahirovic, Adnan and Janjo{\v{s}}, Faris},
  booktitle={American Control Conference (ACC)},
  volume={2018},
  year={2018}
}

@inproceedings{RRT_GPU,
  title={Massively parallelizing the RRT and the RRT},
  author={Bialkowski, Joshua and Karaman, Sertac and Frazzoli, Emilio},
  booktitle={Intelligent Robots and Systems (IROS), 2011 IEEE/RSJ International Conference on},
  pages={3513--3518},
  year={2011},
  organization={IEEE}
}

@inproceedings{Planning_parall_review,
  title={A review of parallel processing approaches to motion planning},
  author={Henrich, Dominik},
  booktitle={Robotics and Automation, 1996. Proceedings., 1996 IEEE International Conference on},
  volume={4},
  pages={3289--3294},
  year={1996},
  organization={IEEE}
}

@inproceedings{RRT_MPI,
  title={Parallelizing RRT on distributed-memory architectures},
  author={Devaurs, Didier and Sim{\'e}on, Thierry and Cort{\'e}s, Juan},
  booktitle={Robotics and automation (ICRA), 2011 IEEE International Conference on},
  pages={2261--2266},
  year={2011},
  organization={IEEE}
}

@inproceedings{Reflexxes,
  title={Opening the door to new sensor-based robot applications:The Reflexxes Motion Libraries},
  author={Kr{\"o}ger, Torsten},
  booktitle={Robotics and Automation (ICRA), 2011 IEEE International Conference on},
  pages={1--4},
  year={2011},
  organization={IEEE}
}

@book{efficiency_PC,
  title={Parallel programming},
  author={Wilkinson, Barry and Allen, Michael},
  volume={999},
  year={1999},
  publisher={Prentice hall Upper Saddle River, NJ}
}

@misc{github_link,
  howpublished = "\url{https://github.com/andreacasalino/MT\_RRT}",
}