@book{Bubble,
  title={Real-time modification of collision-free paths},
  author={Quinlan, Sean},
  number={1537},
  year={1994},
  publisher={Stanford University Stanford}
}

@manual{Bullet,
  title  = "Bullet3",
  note    = "\url{https://github.com/bulletphysics/bullet3}",
}

@manual{React,
  title  = "ReactPhysics3D",
  note    = "\url{https://www.reactphysics3d.com}",
}

@inproceedings{RRT_LaValle,
  title={RRT-connect: An efficient approach to single-query path planning},
  author={Kuffner, James J and LaValle, Steven M},
  booktitle={Robotics and Automation, 2000. Proceedings. ICRA'00. IEEE International Conference on},
  volume={2},
  pages={995--1001},
  year={2000},
  organization={IEEE}
}

@article{LQR_RRT_01,
  title={Kinodynamic RRT*: Optimal motion planning for systems with linear differential constraints},
  author={Webb, Dustin J and Berg, Jur van den},
  year={2012}
}

@inproceedings{LQR_RRT_02,
  title={A Class of SDRE-RRT Based Kinodynamic Motion Planners},
  author={Tahirovic, Adnan and Janjo{\v{s}}, Faris},
  booktitle={American Control Conference (ACC)},
  volume={2018},
  year={2018}
}

@inproceedings{RRT_bid,
  title={RRT-connect: An efficient approach to single-query path planning},
  author={Kuffner, James J and LaValle, Steven M},
  booktitle={Robotics and Automation, 2000. Proceedings. ICRA'00. IEEE International Conference on},
  volume={2},
  pages={995--1001},
  year={2000},
  organization={IEEE}
}

@article{RRT_star,
  title={Sampling-based algorithms for optimal motion planning},
  author={Karaman, Sertac and Frazzoli, Emilio},
  journal={The international journal of robotics research},
  volume={30},
  number={7},
  pages={846--894},
  year={2011},
  publisher={Sage Publications Sage UK: London, England}
}

@inproceedings{MT_RRT,
  title={MT-RRT: a general purpose multithreading library for path planning},
  author={Casalino, Andrea and Zanchettin, Andrea Maria and Rocco, Paolo},
  booktitle={IEEE/RSJ International Conference on Intelligent Robots and Systems (IROS 2019)},
  pages={1510--1517},
  year={2019},
  organization={IEEE}
}